@book{reisch,
    author      = {Michael Reisch},
    title       = {Elektronische Bauelemente},
    doi         = {https://doi.org/10.1007/978-3-540-34015-7},
    year        = {2007},
    edition     = {2}
}

@book{schreier,
    author      = {Richard Schreier},
    publisher   = {John Wiley & Sons, Ltd},
    isbn        = {9781119258308},
    title       = {Understanding Delta‐Sigma Data Converters},
    doi         = {https://doi.org/10.1002/9781119258308.ch1},
    year        = {2017}
}

@online{murmann,
    author          = {Boris Murmann},
    title           = {EE628},
    year            = {2024},
    publisher       = {GitHub},
    url             = {https://github.com/bmurmann/EE628},
    urldata         = {2025-02-11}
}

@article{ti_delsiga,
    author          = {Bonnie Baker},
    title           = {How delta-sigma ADCs work, Part 1},
    publisher       = {Texas Instruments Incorporation},
    year            = {2011},
    journal         = {Analog Application Journal (AAJ)}
}

@article{ti_delsigb,
    author          = {Bonnie Baker},
    title           = {How delta-sigma ADCs work, Part 2},
    publisher       = {Texas Instruments Incorporation},
    year            = {2011},
    journal         = {Analog Application Journal (AAJ)}
}

@misc{lec05,
    author          = {Mirco Meiners},
    title           = {CEMS - Lecture 5: Oversampling ADC's},
    month           = {November},
    year            = {2024}
}

@online{pretl2025,
    author          = {Pretl, Harald and Koefinger, Michael and Dorrer, Simon},
    title           = {Analog {Circuit} {Design}},
    date            = {2025-02-02},
    url             = {https://iic-jku.github.io/analog-circuit-design},
    doi             = {10.5281/zenodo.14387481},
    langid          = {en-US}
}

@misc{wolter,
    author          = {Stefan Wolter},
    title           = {Digital Signal Process II},
    year            = {2025}
}

@manual{ads_datasheet,
    author          = {Texas Instruments},
    organization    = {Texas Instuments},
    title           = {ADS111x Ultra-Small, Low-Power, I2C-Compatible, 860-SPS, 16-Bit ADCs With Internal Reference, Oscillator, and Programmable Comparator},
    edition         = {SBAS444D},
    month           = {May},
    year            = {2009}
}

@manual{adx_datasheet,
    author          = {Analog Devices},
    organization    = {Analog Devices},
    title           = {Small, Low Power, 3-Axis ±3 g Accelerometer},
    year            = {2010},
    note            = {Revision B}
}

@article{low_pwr_comp,
    author      = {Chae, Youngcheol and Han, Gunhee},
    journal     = {IEEE Journal of Solid-State Circuits}, 
    title       = {Low Voltage, Low Power, Inverter-Based Switched-Capacitor Delta-Sigma Modulator}, 
    year        = {2009},
    volume      = {44},
    number      = {2},
    pages       = {458-472},
    keywords    = {Low voltage;Delta modulation;CMOS image sensors;Bandwidth;Circuits;CMOS technology;Modulation coding;Pacemakers;Codecs;Transconductance;Delta-sigma modulator;inverter-based switched-capacitor circuit;operational transconductance amplifier;scaled CMOS technology;switched-capacitor circuit},
    doi         = {10.1109/JSSC.2008.2010973}
}

@book{fraden,
    author      = {Jacob Fraden},
    title       = {Handbook of Modern Sensors},
    publisher   = {Springer International Publishing Switzerland},
    year        = {2015},
    month       = {October},
    doi         = {https://doi.org/10.1007/978-3-319-19303-8},
    isbn        = {978-3-319-19303-8}
}