@book{reisch,
    author      = "Michael Reisch",
    title       = "Elektronische Bauelemente",
    year        = "2008"
}

@book{murmann,
    author      = {Boris Murmann},
    title       = {Something}}

@inbook{schreier,
    publisher   = {John Wiley & Sons, Ltd},
    isbn        = {9781119258308},
    title       = {Understanding Delta‚ÄêSigma Data Converters},
    doi         = {https://doi.org/10.1002/9781119258308.ch1},
    year        = {2017}
}

@misc{murmann,
    author          = {Boris Murmann},
    title           = {EE628},
    year            = {2024},
    publisher       = {GitHub},
    journal         = {GitHub repository},
    howpublished    = {\url{https://github.com/bmurmann/EE628}
}