@book{reisch,
    author      = "Michael Reisch",
    title       = "Elektronische Bauelemente",
    year        = "2008"
}